@BOOK{leishman,
  title = {Principles of Helicopter Aerodynamics},
  publisher = {CAMBRIDGE UNVERSITY PRESS},
  year = {2000},
  author = {J. Gordon Leishman},
  owner = {},
  timestamp = {2014.11.05}
}
@BOOK{seddon,
  title = {Basic Helicopter Aerodynamics},
  publisher = {BSP Professional Books},
  year = {1990},
  author = {J. Seddon},
}
@BOOK{flying_robots,
  title = {Autonomous Flying Robots},
  chapter = {Innovation and Intellectual Property Rights},
  publisher = {Springer},
  year = {2010},
  author = {Kenzo, Nonami and Farid, Kendoul and Satoshi, Suzuki and Wei, Wang and Daisuke, Nakazawa},
  owner = {},
  timestamp = {2014.13.05}
}
@article{control_framework,
  chapter = {Volume 70},
  title = {Control and Navigation Framework for Quadrotor Helicopters},
  journal = {Journal of Intelligent \& Robotic Systems},
  author = {Nagaty, Amr and Saeedi, Sajad and Thibault, Carl and Seto, Mae and Li, Howard},
  month = apr,
  year = {2013}
}
@article{leishman_overlap,
  chapter = {},
  title = {A study of dual-rotor interference and ground effect using a free-vortex wake model},
  journal = {In Proc. 58th Annual Forum and Technology Display of the American Helicopter Assoc.},
  author = {Griffith, Daniel A. and Leishman, A. Gordon},
  year = {2002}
}
@misc{jsbsim,
  author = {flight dynamics and control software library in C++ },
  title = {{JSBsim}},
  howpublished = "\url{http://www.jsbsim.org}",
  year = {2012},
  note = "[Online; accessed 23-Mai-2012]"
}
@misc{matlab_sim,
  author = {Gibiansky, Andrew},
  title = {{Quadrotor Dynamics and Simulation}},
  howpublished = "\url{http://andrew.gibiansky.com/blog/physics/quadcopter-dynamics}",
  year = {2012}, 
  note = "[Online; accessed 23-Mai-2012]"
}
@misc{ESDI,
  author = {Earth Science Data Interface},
  title = {{ESDI}},
  howpublished = "\url{http://glcfapp.glcf.umd.edu:8080/esdi/index.jsp}",
  year = {},
  note = "[Online; accessed 23-Mai-2012]"
}
@misc{gazebo,
  author = {GAZEBO},
  title = {{Robot Simulation Framework}},
  howpublished = "\url{http://gazebosim.org}",
  year = {},
  note = "[Online; accessed 25-Mai-2012]"
}
@article{flight_gear_sim,
  chapter = {Volume 7628},
  title = {Modeling, Simulation and Flight Testing of an Autonomous Quadrotor},
  journal = {},
  author = {Goel, Rahul and Shah, Sapan M. and Gupta, Nitin K. and Ananthkrishnan, N.},
  year = {}
}
@article{gazebo_ROS,
  chapter = {Volume 7628},
  title = {Comprehensive Simulation of Quadrotor UAVs Using ROS and Gazebo},
  journal = {Simulation, Modeling, and Programming for Autonomous Robots},
  author = {Meyer Johannes and Sendorbry Alexander and Kohlbrenner Stefan and Klingauf Uwe and Stryk Oskar},
  year = {2013}
}
@article{sliding_mode,
  chapter = {Volume 7628},
  title = {Feedback Linearization vs. Adaptive Sliding Mode Control for a Quadrotor Helicopter},
  journal = {International Journal of Control, Automation, and Systems},
  author = {Lee Deawon, Jin Kim H., Sastry Shankar},
  year = {2009}
}
@article{2dwind,
  chapter = {Volume 70},
  title = {Trajectory Control of a Quadrotor Subject to 2D Wind Disturbances},
  journal = {Journal of Intelligent and Robotic Systems},
  author = {Escareño and Salazar and Romero and Lozano},
  year = {2013}
}
@article{wind_disturbance,
  chapter = {Volume 70},
  Title = {Wind Disturbance Estimation and Rejection for Quadrotor Position Control},
  journal = {Aerospace Conference},
  author = {Waslander, Steven and Wang, Carlos},
  School = {University of Waterloo, Canada},
  year = {2013}
}
@article{wind_field,
  chapter = {},
  Title = {Dynamic Control of Autonomous Quadrotor Flight in an Estimated},
  journal = {52nd IEEE Conference on Decision and Control},
  author = {Sydney, Nitin and Smyth, Brendan and Paley, Derek A.},
  School = {Florence, Italy},
  year = {2013}
}
@article{turbulence,
  chapter = {13},
  Title = {Altitude and Horizontal Motion Control of Quadrotor UAV in the presence of Air Turbulence},
  journal = {IEEE Conference on Systems, Process and Control},
  author = {Joyo, Kamran and Faiz, Ahmed and Hassen, Tanveer and Faizan, Warsi and Hussain, A. T.},
  School = {University of Malaysia Perlis},
  year = {2013}
}
@article{vertical,
  Title = {Influence of Aerodynamics and Proximity Effects in Quadrotor Flight},
  journal = {13th International Symposium on Experimental Robotics},
  author = {Powers, Caitlin and Mellinger, Daniel and Kushleyev, Aleksandr and Kothmann, Bruce and Kumer, Vijay},
  School = {},
  year = {2012}
}
@article{aggressive,
  Title = {Aerodynamics and Control of Autonomous Quadrotor Helicopters in Aggressive Maneuvering},
  journal = {Robotics and Automation},
  author = {Huang, Haomiao and Hoffmann, Gabriel M. and Waslander, Steven L. and Tomlin, Claire J.},
  School = {},
  year = {2009}
}
@BOOK{forward,
  title = {Recent Advances in Aircraft Technology},
  chapter = {Influence of Forward and Descent Flight on Quadrotor Dynamics},
  publisher = {Intech},
  year = {2012},
  author = {Bogdan, Stjepan and Orsag, Matko},
}
@article{huang,
  chapter = {},
  Title = {Quadrotor Helicopter Flight Dynamics and Control: Theory and Experiment},
  journal = {AIAA Guidance, Navigation and Control Conference},
  author = {Hoffmann, Grabriel M. and Huang, Haomiao and Wasl, Steve and Tomlin, Er Claire J.},
  School = {},
  year = {2007}
}
@phdthesis{meister,
  Type = {dissertation},
  Title = {Entwurf und Realisierung einer Aufklährungsplattform auf Basis eines unbemannten Minihelikopters mit autonomen Flugfähigkeiten},
  Author = {Oliver Meister},
  School = {Karlsruher Institut für Technologie (KIT)},
  Year = {2010},
}
@article{LQ_PID,
  chapter = {},
  Title = {PID vs LQ Control Techniques Applied to an Indoor Micro Quadrotor},
  journal = {IEEE International Conference Intelligent Robots and Systems},
  author = {Bouabadallah, André and Siegwart, Roland},
  School = {Swiss Federal Institute of Technology, Luasanne, Switzerland},
  year = {2004}
}
@article{quaternion_control,
  chapter = {Vol. 36},
  Title = {The Attitude Control Problem},
  journal = {IEEE Transactions on automatic Control},
  author = {Ting-Yung Wen, John and Kreutz-Delgado, Kenneth},
  School = {},
  year = {1991}
}
@article{coriolis_quaternion,
  chapter = {},
  Title = {Attitude stabilization of a four-rotor aerial robot},
  journal = {43rd IEEE Conference on desicion and control},
  author = {Tavebi, A. and McGilvray, S.},
  School = {Atlantis, Paradise Island, Bahamas},
  year = {2004}
}
@misc{qtsixa,
  author = {Written and maintained by falkTX},
  title = {QtSixA Sixaxis Joystick Manager},
  note = {zuletzt aufgerufen April 2015, \url{http://qtsixa.sourceforge.net/}}
}
@phdthesis{MAVsim,
  chapter = {},
  Title = {AN ADAPTABLE, LOW COST TEST-BED FOR UNMANNED VEHICLE SYSTEMS RESEARCH},
  Author = {Goppert,James M.},
  School = {Purdue University},
  Year = {2011}
}
@misc{MAVsim_git,
  Author = {jgoppert},
  Title = {MAVsim (Github)},
  note = {zuletzt aufgerufen April 2015, \url{https://github.com/jgoppert/mavsim}}
}
@misc{rotorlib,
  Author = {RTdynamics},
  Title = {ROTORLIB FDM - A helicopter dynamics simulation library},
  note = {zuletzt aufgerufen April 2015, \url{http://www.rtdynamics.de/}},
}
@article{mahony,
  title = {Nonlinear Complementary Filters on Special Orthogonal Group},
  journal = {HAL archives-ouverts},
  author = {Mahony, R. and Hamel, Tarek and Pflimlin, Jean-Michel},
  year = {2010}
}
@ARTICLE{sae,
  Title = {GPS-Aided INS Solution with Photogrammetry Validation},
  journal = {Aerotech Congress and Exhibition},
  year = {2005},
  author = {Molt, Micheal R. and Schinstock, Dale E. and Caplinger, Robert M.}
}
@article{eth_indoor,
  title = {Design and Control of an Indoor Micro Quadrotor},
  journal = {IEEE International Conference on Robotics and Automation},
  year = {2004},
  author = {Bouabdallah, Samir and Murrieri, Pierpaolo and Siegwart, Roland}
}
@article{nn_dynamics,
  title = {Output Feedback Control of a Quadrotor UAV Using Neural Networks},
  journal = {IEEE Transactions on Neural Networks},
  year = {2010},
  author = {Dierks, Travis and Jagannathan, Sarangapani}
}
@misc{doxygen,
  author = {Andreas Gschossmann},
  title = {Doxygen-Dokumentation von DeadalusSim},
  note = {zuletzt aufgerufen April 2015, \url{https://hps.hs-regensburg.de/gsa39665/files/doxygen/index.html}}
}
