@misc{fig_gps,
  author = {gs-enduro},
  title = {{Grafik GPS-Ortung}},
  howpublished = "\url{http://www.gs-enduro.de/html/navigation/gps.htm}",
  note = "[Online; accessed 23-Mai-2012]"
}
@misc{podcast,
  title = {RZ008 Satellitennavigation: Raumzeit Podcast vom 4. Februar 2011},
  howpublished = "\url{http://raumzeit-podcast.de/2011/02/04/rz008-satellitennavigation/}",
  year = {2011}
}
@article{galileo_start,
  title = {Galileo-Satelliten sind gestartet},
  journal = {Die Zeit Online},
  author = {dpa}, 
  year = {2011}
}
@article{gps_world,
  title = {Satellitennavigation: GALILEO, GPS, GLONASS, integrierte Verfahren},
  journal = {GPS World},
  month = {März},
  author = {GNSS System},
  year = {2009}
}
@BOOK{sat_nav_dodel,
  title = {GALILEO, GPS, GLONASS, integrierte Verfahren},
  publisher = {Springer},
  year = {2010},
  author = {Dodel, H}
}
@misc{gal_exp,
  title = {Satellitensystem Galileo wird zwei Milliarden teurer},
  author = {Focus Online},
  howpublished = "\url{http://www.focus.de/wissen/natur/eu-satellitensystem-galileo-wird-zwei-milliarden-teurer_aid_591447.html}",
  year = {2011}
}
@misc{env_stud,
  title = {EGNOS und WAAS: modernste D-GPS Satellitensysteme},
  author = {Environmental Studies},
  year = {2012},
  howpublished = "\url{http://www.environmental-studies.de/Teilflachenbewirtschaftung/EGNOS_WAAS/3.html}"
}
@article{galileo_fail,
  title = {GPS Konkurrent Galileo Alles falsch gemacht},
  journal = {Sueddeutsche Zeitung},
  year = {2011},
  author = {Rubner, Jeanne}
}
@BOOK{sat_nav_schildt,
  title = {Satellitennavigation: GPS, GLONASS und GALILEO},
  publisher = {Lyk Informationstechnik},
  year = {2008},
  author = {Schildt, G.H.}
}
@BOOK{sat_nav_thaller,
  title = {Satellitennavigation: Das Global-Positioning-System (GPS)},
  publisher = {Baden Baden: Verl. für Technik und Handwerk},
  year = {1999},
  author = {Thaller, G.E.}
}
@misc{europe_galileo,
  author = {Offizielle Website der Europäischen Union},
  title = {Kommentar EU-Kommissarin Bieńkowska},
  note = {zuletzt aufgerufen März 2015, \url{http://ec.europa.eu/deutschland/press/pr_releases/13213_de.htm}},
  month = {März},
  year = {2015}
}
