@misc{lebensbereich,
  author = {Strafgesetzbuch},
  title = {{Verletzung des höchstpersönlichen Lebensbereichs durch Luftaufnahmen}},
  howpublished = "\url{http://dejure.org/gesetze/StGB/201a.html}",
  note = "[Online; accessed 23-Mai-2012]"
}
@misc{heimlich,
  author = {Io-recht},
  title = {{Verbot heimlicher Bildaufnahmen}},
  howpublished = "\url{http://www.lehrer-online.de/heimliche-bildaufnahmen.php}",
  note = "[Online; accessed 23-Mai-2012]"
}
@misc{filmverbot,
  author = {DPA},
  title = {{Polizei bekommt Filmverbot bei Demonstration}},
  howpublished = "\url{http://www.zeit.de/gesellschaft/zeitgeschehen/2010-07/filmverbot-demos-verwaltungsgericht}",
  note = "[Online; accessed 23-Mai-2012]"
}
