@misc{german_law,
  author = {Gschossmann, Andreas},
  institution = {Sensorik-Applikationszentrum},
  title = {{Luftverkehrsrechtliche Betrachtungen zu UAVs}},
  howpublished = "\url{hps.othr.de/gsa39665/files/rechtliches_embed.svg}",
  year = {2013},
  note = "[Online; accessed 30-März-2015]"
}
@BOOK{leishman,
  title = {Principles of Helicopter Aerodynamics},
  publisher = {CAMBRIDGE UNVERSITY PRESS},
  year = {2000},
  author = {J. Gordon Leishman},
  owner = {},
  timestamp = {2014.11.05}
}
@article{nasa_hist_vtol,
  title = {Historical Overview of V/STOL Aircraft Technology},
  journal = {NASA Technical Memorandum 81280},
  author = {Anderson, Seth B.},,
  year = {1981}
}
@article{leishman_brequet,
  author = {Leishman, J. Gordon},
  title = {The Bréquaet-Richet Quadrotor Helicopter of 1907},
  journal = {Vertiflite Vol. 47},
  year = {2002}
}
@article{usar_lesssons,
  author = {Hamp, Quirin and Reindl, Leonhard and Kleiner, Alexander},
  title = {Lessons Learned from German Research for USAR},
  journal = {IEEE International Symposium on Safety, Security and Rescue Robotics (SSRR)},
  year = {2011}
}
@article{locate_gsm,
  author = {Zorn, Stefan and Maser, Matthias and Goetz, Alexander and Rose, Richard and Weigel, Robert},
  title = {A Power Saving Jamming System for E-GSM900 and DCS1800 Cellular Phone Networks for Search and Rescue Applications},
  journal = {IEEE Topical Conference on Wireless Sensors and Sensor Networks (WiSNet)},
  year = {2011}
}
@article{bioradar,
  author = {Rogall, O. and Fisun, S. and Schilling, F. and Loschonky, M. and Schimko, R. and Reindl L.M.},
  title = {Radargestützte Personenortung},
  journal = {Sensoren und Messsysteme},
  year = {2010}
}
@misc{lasermotive,
  institution = {LaserMotive},
  title = {Wireless Power Delivery Systems},
  howpublished = "\url{http://lasermotive.com}",
  note = "[Online; accessed 28-Mai-2015]"
}
@misc{l2w,
  institution = {L2W Energy},
  title = {Optical Power Isolator},
  howpublished = "\url{http://l2wenergy.com}",
  note = "[Online; accessed 28-Mai-2015]"
}
@misc{downloads,
  author = {Andreas Gschossmann},
  title = {Download-Links},
  note = {zuletzt aufgerufen April 2015, \url{https://hps.othr.de/gsa39665/downloads.html}}
}
@article{wales,
  author = {Selby, William and Corke, Peter and Rus, Daniela},
  title = {Autonomous Aerial Navigation and Tracking of Marine Animals},
  journal = {Proceedings of Australasian Conference on Robotics and Automation},
  year = {2011}
}
@article{crop_nitrat,
  author = {Hunt, Raymond E. and Cavigelli, Michel and Daughtry, Craig S.T. and McMurtrey, James and Walthall, Charles L.},
  title = {Evaluation of Digital Photography from Model Aircraft for Remote Sensing of Crop Biomass and Nitrogen Status},
  journal = {Precision Agriculture},
  year = {2005}
}
@article{crop_uav,
  author = {Rasmussen, J. and Nielsen, J. and Garcia-Ruiz, F. and Christensen, S. and Streibig, J.C.},
  title = {Potential uses of small unmanned aircraft systems (UAS) in weed research},
  journal = {Weed Research},
  year = {2013}
}
@article{rotor_loss,
  author = {Mueller, Mark W. and D'Andrea Raffaello},
  title = {Stability and control of a quadrocopter despite the complete loss of one, two, or three propellers},
  journal = {IEEE International Conference on Robotics and Automation (ICRA)},
  year = {2014}
}
@article{full-control,
  author = {Bouabdallah, S. and Siegwart, R.},
  title = {Full control of a quadrotor},
  journal = {Intelligent Robots and Systems},
  year = {2007}
}
@misc{roadmap_uas,
  institution = {Federal Aviation Administration (FAA)},
  title = {Integration of Civil Unmanned Aircraft Systems (UAS) in the National Airspace System (NAS) Roadmap},
  howpublished = "\url{faa.gov/uas/media/UAS_Roadmap_2013}",
  note = "[Online; accessed 28-Mai-2015]",
  year = {2013}
}
@misc{roadmap_euro,
  institution = {Europäische Organisation zur Sicherung der Luftfahrt (EUROCONTROL)},
  title = {Roadmap for the integration of civil Remotely-Piloted Aircraft Systems into the European Aviation System},
  howpublished = "\url{http://ec.europa.eu/enterprise/selectors/aerospace/files/rpas-roadmap_en.pdf}",
  note = "[Online; accessed 28-Mai-2015]",
  year = {2013}
}
@article{sesar_approach,
  author = {Cordón, Ricardo Román and Nieto, Javier Sáez and Rejado, Cristina Cuerno},
  title = {RPAS Integration in Non-segregated Airspace: the SESAR Approach},
  journal = {Fourth SESAR Innovation Days}
  year = {2014},
}
@article{akku_kalman,
  author = {Partovibakhsh, Maral and Liu, Guangjun},
  title = {An Adaptive Unscented Kalman Filtering Approach for Online Estimation of Model Parameters and State-of-Charge of Lithium-Ion Batteries for Autonomous Mobile Robots},
  journal = {IEEE Transactions on Control Systems Technology},
  year = {2015}
}
@article{perching_landing,
  author = {Mellinger, Daniel and Shomin, Michael and Kumar, Vijay},
  title = {Control of Quadrotors for Robust Perching and Landing},
  journal = {Proceedings of the International Powered Lift Conference},
  year = {2010}
}
@article{laser_power,
  author = {Achtelik, Michael C. and Stumpf, Jan and Gurdan, Daniel and Doth, Klaus-Michael},
  title = {Design of a Flexible High Performance Quadcopter Platform Breaking the MAV Endurance Record with Llaser Power Beaming},
  journal = {IEEE/RSJ International Conference on Intelligent Robots and Systems},
  year = {2011}
}
@misc{effective_solar,
  author = {Kare, J. and Nugent, T.}
  title = {Wirless Power for UAVs},
  institution = {White Paper - LaserMotive},
  howpublished = "\url{http://lasermotive.com/wp-content/uploads/2010/04/Wireless-Power-for-UAVs-March2010.pdf}",
  note = "[Onine; accessed 28-Mai-2015]",
  year = {2010}
}
@article{backstepping,
  author = {Madani, Tarek and Benallegue, Abdelaziz},
  title = {Backstepping Control for a Quadrotor Helicopter},
  journal = {Proceedings of the 2006 IEEE/RSJ International Conference on Intelligent Robots and Systems},
  year = {2006}
}
@article{backstepping_sliding,
  author = {Bouabdallah, Samir and Siegwart, Roland},
  title = {Backstepping and Sliding-mode Techniques Applied to an Indoor Micro Quadrotor},
  journal = {International Conference on Robotics Automation},
  year = {2005}
}
@article{brain_copter,
  author = {LaFleur, Karl and Cassady, Kaitlin and Doud, Alexander and Shades, Kaleb and Rogin, Eitan and He, Bin},
  title = {Quadcopter control in three-dimensional space using a noninvasive motor imagery-based brain–computer interface},
  journal = {Journal of Neural Engineering},
  year = {2013}
} 
@article{neural_altitude,
  author = {Rinaldi, F.},
  title = {Study on the use of neural networks in control systems}
}
@article{neural_backstepping,
  author = {Madani, T. and Benallegue, A.},
  title = {Adaptive Control via Backstepping Technique and Neural Networks of a Quadrotor Helicopter},
  journal = {Proceedings of the 17th World Congress The International Federation of Automatic Control},
  year = {2008}
}
@article{neural_control,
  author = {Shepherd, Jack F. and Tumer, Kagan},
  title = {Robust Neuro-Control for A Micro Quadrotor}
}
